<record><leader>00000cas a22000007a 4500</leader><controlfield tag="001">10675351</controlfield><controlfield tag="008">840430d187u1888nyuwr ne      0   a0eng d</controlfield><datafield ind1=" " ind2=" " tag="010"><subfield code="a">sn 84031092 </subfield></datafield><datafield ind1=" " ind2=" " tag="040"><subfield code="a">NYG</subfield><subfield code="b">eng</subfield><subfield code="c">NYG</subfield><subfield code="d">NYS</subfield><subfield code="d">OCLCQ</subfield></datafield><datafield ind1=" " ind2=" " tag="042"><subfield code="a">msc</subfield></datafield><datafield ind1=" " ind2=" " tag="043"><subfield code="a">n-us-ny</subfield></datafield><datafield ind1="0" ind2="4" tag="245"><subfield code="a">The Albion Saturday chronicle.</subfield></datafield><datafield ind1=" " ind2=" " tag="260"><subfield code="a">Albion, N.Y. :</subfield><subfield code="b">William B. Young</subfield></datafield><datafield ind1=" " ind2=" " tag="300"><subfield code="a">v. :</subfield><subfield code="b">ill. (chiefly advertisements)</subfield></datafield><datafield ind1=" " ind2=" " tag="310"><subfield code="a">Weekly</subfield></datafield><datafield ind1="1" ind2=" " tag="362"><subfield code="a">Ceased with: Sept. 7, 1888?</subfield></datafield><datafield ind1=" " ind2=" " tag="500"><subfield code="a">"Official paper of Albion."</subfield></datafield><datafield ind1=" " ind2=" " tag="530"><subfield code="a">Available on microfilm from Biels Microfilm Corp.</subfield></datafield><datafield ind1=" " ind2=" " tag="588"><subfield code="a">Description based on: Vol. 3, no. 40 (June 28, 1879).</subfield></datafield><datafield ind1=" " ind2="4" tag="651"><subfield code="a">Albion (N.Y.)</subfield><subfield code="v">Newspapers.</subfield></datafield><datafield ind1=" " ind2=" " tag="752"><subfield code="a">United States</subfield><subfield code="b">New York</subfield><subfield code="c">Orleans</subfield><subfield code="d">Albion.</subfield></datafield><datafield ind1="0" ind2="0" tag="785"><subfield code="t">Orleans County herald</subfield><subfield code="w">(DLC)sn 84031097</subfield></datafield><datafield ind1="1" ind2=" " tag="029"><subfield code="a">AU@</subfield><subfield code="b">000020511250</subfield></datafield></record>